@ARTICLE{ieee,
  author={},
  journal={IEEE Std 754-2019 (Revision of IEEE 754-2008)}, 
  title={IEEE Standard for Floating-Point Arithmetic}, 
  year={2019},
  volume={},
  number={},
  pages={1-84},}

@INPROCEEDINGS{semantics,
  author={M. {Brain} and C. {Tinelli} and P. {Ruemmer} and T. {Wahl}},
  booktitle={2015 IEEE 22nd Symposium on Computer Arithmetic}, 
  title={An Automatable Formal Semantics for IEEE-754 Floating-Point Arithmetic}, 
  year={2015},
  volume={},
  number={},
  pages={160-167},}

@InProceedings{z3,
author="de Moura, Leonardo
and Bj{\o}rner, Nikolaj",
editor="Ramakrishnan, C. R.
and Rehof, Jakob",
title="Z3: An Efficient SMT Solver",
booktitle="Tools and Algorithms for the Construction and Analysis of Systems",
year="2008",
publisher="Springer Berlin Heidelberg",
address="Berlin, Heidelberg",
pages="337--340",
abstract="Satisfiability Modulo Theories (SMT) problem is a decision problem for logical first order formulas with respect to combinations of background theories such as: arithmetic, bit-vectors, arrays, and uninterpreted functions. Z3 is a new and efficient SMT Solver freely available from Microsoft Research. It is used in various software verification and analysis applications.",
isbn="978-3-540-78800-3"
}

